@article{baldessari2007car,
  title={Car-2-car communication consortium-manifesto},
  author={Baldessari, Roberto and B{\"o}dekker, Bert and Deegener, Matthias and Festag, Andreas and Franz, Walter and Kellum, C Christopher and Kosch, Timo and Kovacs, Andras and Lenardi, Massimiliano and Menig, Cornelius and others},
  year={2007}
}

@article{Yang2019,
    author = {Yang, H. and Kumara, S. and Bukkapatnam, S.T.S. and Tsung, F.},
    title = {The internet of things for smart manufacturing: A review},
    journal = {IISE Transactions},
    year = {2019},
    volume = {51},
    number = {11},
    pages = {1190-1216}
}

@article{Xia2012,
    author = {Xia, F. and Yang, L.T. and Wang, L. and Vinel, A.},
    title = {Internet of Things},
    journal = {International Journal of Communication Systems},
    year = {2012},
    volume = {25},
    number = {9},
    pages = {1101}
}

@article{Vinel2015,
    author = {Vinel, A. and Lan, L. and Lyamin, N.},
    title = {Vehicle-to-vehicle communication in C-ACC/platooning scenarios},
    journal = {IEEE Communications Magazine},
    year = {2015},
    volume = {53},
    number = {8},
    pages = {192-197}
}

@inproceedings{kaur2022internet,
  title={Internet of Things in the Smart Automotive Sector: A Review},
  author={Kaur, Mansirat and Kaur, Saranjeet and others},
  booktitle={2022 11th International Conference on System Modeling \& Advancement in Research Trends (SMART)},
  pages={296--301},
  year={2022},
  organization={IEEE}
}

@article{piromalis2022digital,
  title={Digital twins in the automotive industry: The road toward physical-digital convergence},
  author={Piromalis, Dimitrios and Kantaros, Antreas},
  journal={Applied System Innovation},
  volume={5},
  number={4},
  pages={65},
  year={2022},
  publisher={MDPI}
}

@inproceedings{rashid2020overview,
  title={An overview on quality of service and data dissemination in VANETs},
  author={Rashid, Sami Abduljabbar and Hamdi, Mustafa Maad and Alani, Sameer and others},
  booktitle={2020 International Congress on Human-Computer Interaction, Optimization and Robotic Applications (HORA)},
  pages={1--5},
  year={2020},
  organization={IEEE}
}

@article{rashid2020reliable,
  title={Reliable and efficient data dissemination scheme in VANET: a review},
  author={Rashid, Sami Abduljabbar and Audah, Lukman and Hamdi, Mustafa Maad and Abood, Mohammed Salah and Alani, Sameer},
  journal={International Journal of Electrical and Computer Engineering (IJECE)},
  volume={10},
  number={6},
  pages={6423--6434},
  year={2020}
}
% table
@article{wahab2013vanet,
  title={VANET QoS-OLSR: QoS-based clustering protocol for vehicular ad hoc networks},
  author={Wahab, Omar Abdel and Otrok, Hadi and Mourad, Azzam},
  journal={Computer Communications},
  volume={36},
  number={13},
  pages={1422--1435},
  year={2013},
  publisher={Elsevier}
}

@inproceedings{akamatsu2014adaptive,
  title={Adaptive delay-based geocast protocol for data dissemination in urban VANET},
  author={Akamatsu, Ryosuke and Suzuki, Masaki and Okamoto, Takuya and Hara, Koichiro and Shigeno, Hiroshi},
  booktitle={2014 seventh international conference on mobile computing and ubiquitous networking (ICMU)},
  pages={141--146},
  year={2014},
  organization={IEEE}
}

@book{paolucci2004agent,
  title={Agent-based manufacturing and control systems: new agile manufacturing solutions for achieving peak performance},
  author={Paolucci, Massimo and Sacile, Roberto},
  year={2004},
  publisher={Crc Press}
}

@techreport{crawley1998framework,
  title={A Framework for QoS-based Routing in the Internet},
  author={Crawley, Eric and Nair, Raj and Rajagopalan, Bala and Sandick, Hal},
  year={1998}
}

@inproceedings{Jiang2002ARO,
  title={A Review of Geocasting Protocols for a Mobile Ad Hoc Network–É},
  author={Jiang, Xia and Camp, Tracy},
  year={2002},
  publisher={Citeseer}
}


@article{schwartz2011directional,
  title={A directional data dissemination protocol for vehicular environments},
  author={Schwartz, Ramon S and Barbosa, Rafael RR and Meratnia, Nirvana and Heijenk, Geert and Scholten, Hans},
  journal={Computer Communications},
  volume={34},
  number={17},
  pages={2057--2071},
  year={2011},
  publisher={Elsevier}
}

@article{liu2012rpb,
  title={RPB-MD: Providing robust message dissemination for vehicular ad hoc networks},
  author={Liu, Congyi and Chigan, Chunxiao},
  journal={Ad Hoc Networks},
  volume={10},
  number={3},
  pages={497--511},
  year={2012},
  publisher={Elsevier}
}

@inproceedings{mondal2015secure,
  title={Secure data dissemination in VANET-a pull based approach},
  author={Mondal, Atanu and Mitra, Sulata},
  booktitle={2015 IEEE international conference on communication, networks and satellite (COMNESTAT)},
  pages={60--67},
  year={2015},
  organization={IEEE}
}

@article{wisitpongphan2007broadcast,
  title={Broadcast storm mitigation techniques in vehicular ad hoc networks},
  author={Wisitpongphan, Nawaporn and Tonguz, Ozan K and Parikh, Jayendra S and Mudalige, Priyantha and Bai, Fan and Sadekar, Varsha},
  journal={IEEE Wireless Communications},
  volume={14},
  number={6},
  pages={84--94},
  year={2007},
  publisher={IEEE}
}

@article{tonguz2010dv,
  title={DV-CAST: A distributed vehicular broadcast protocol for vehicular ad hoc networks},
  author={Tonguz, Ozan K and Wisitpongphan, Nawaporn and Bai, Fan},
  journal={IEEE Wireless Communications},
  volume={17},
  number={2},
  pages={47--57},
  year={2010},
  publisher={IEEE}
}

@article{sospeter2018effective,
  title={An effective and efficient adaptive probability data dissemination protocol in VANET},
  author={Sospeter, John and Wu, Di and Hussain, Saajid and Tesfa, Tesfanesh},
  journal={Data},
  volume={4},
  number={1},
  pages={1},
  year={2018},
  publisher={MDPI}
}

@inproceedings{salvo2013timer,
  title={Timer-based distributed dissemination protocols for VANETs and their interaction with MAC layer},
  author={Salvo, Pierpaolo and De Felice, Mario and Baiocchi, Andrea and Cuomo, Francesca and Rubin, Izhak},
  booktitle={2013 IEEE 77th vehicular technology conference (VTC Spring)},
  pages={1--6},
  year={2013},
  organization={IEEE}
}

@inproceedings{zhang2013smartgeocast,
  title={Smartgeocast: Dynamic abnormal traffic information dissemination to multiple regions in vanet},
  author={Zhang, Linjuan and Gao, Deyun and Gao, Shuai and Leung, Victor CM},
  booktitle={2013 9th international wireless communications and mobile computing conference (IWCMC)},
  pages={1750--1755},
  year={2013},
  organization={IEEE}
}
%table end
@article{liu2019congestion,
  title={Congestion Control in V2V Safety Communication: Problem, Analysis, Approaches},
  author={Liu, Xiaofeng and Jaekel, Arunita},
  journal={Electronics},
  volume={8},
  number={5},
  pages={540},
  year={2019},
  publisher={Multidisciplinary Digital Publishing Institute},
  doi={10.3390/electronics8050540},
  url={https://doi.org/10.3390/electronics8050540}
}

@article{bazmohammadi2022microgrid,
  title={Microgrid Digital Twins: Concepts, Applications, and Future Trends},
  author={Bazmohammadi, Najmeh and Madary, Ahmad and Vasquez, Juan C. and Bazmohammadi, Hamid and Khan, Baseem and Wu, Ying and Guerrero, Josep M.},
  journal={IEEE Access},
  year={2022},
  publisher={IEEE},
  doi={10.1109/access.2021.3138990},
  url={https://doi.org/10.1109/access.2021.3138990}
}

@article{wang_2021,
  title={Mobility Digital Twin: Concept, Architecture, Case Study, and Future Challenges},
  author={Ziran Wang, Rohit Gupta, Kyungtae Han, Haoxin Wang, Akila Ganlath, N. Ammar, Prashant Tiwari},
  journal={IEEE Access},
  year={2021},
  publisher={IEEE},
  doi={10.1109/ACCESS.2021.3091043}
}

@article{gomez2021,
  title={When Digital Twin Meets Network Softwarization in the Industrial IoT: Real-Time Requirements Case Study},
  author={Gomez, Carlos and Franch, Xavier and Guasch, Pere and Marco, Santiago},
  journal={Sensors},
  year={2021},
  publisher={MDPI AG},
  doi={10.3390/s21248194}
}

@article{teisserenc2021project,
  title={Project Data Categorization, Adoption Factors, and Non-Functional Requirements for Blockchain Based Digital Twins in the Construction Industry 4.0},
  author={Teisserenc, Benjamin and Sepasgozar, S},
  journal={Buildings},
  volume={11},
  number={12},
  pages={626},
  year={2021},
  publisher={Multidisciplinary Digital Publishing Institute},
  doi={10.3390/buildings11120626},
  url={https://www.mdpi.com/2075-5309/11/12/626/pdf?version=1639477830}
}

@article{lu2019potential,
  title={Potential and Limitations of the Internet of Things for Smart Manufacturing},
  author={Lu, Y and Morris, KC and Frechette, S},
  journal={IEEE Access},
  volume={7},
  pages={36322--36337},
  year={2019},
  publisher={IEEE}
}

@article{kang2018implementation,
  title={Implementation of an RFID-Based Sequencing-Error-Proofing System for Automotive Manufacturing Logistics},
  author={Kang, Yong-Shin and Kim, Hyoe-Young and Lee, Yong-Han},
  journal={Applied Sciences},
  volume={8},
  number={1},
  pages={109},
  year={2018},
  publisher={Multidisciplinary Digital Publishing Institute}
}

@inproceedings{jain2006collision,
  title={Collision avoidance in a dense RFID network},
  author={Jain, Shweta and Das, Samir R},
  booktitle={Proceedings of the 1st ACM international workshop on Wireless network testbeds, experimental evaluation \& characterization},
  pages={49--56},
  year={2006},
  doi={10.1145/1160972.1160987}
}

@article{liu2022novel,
  title={A Novel Reader Anti-Collision Protocol Optimized by Minimal Reverse Weight in Large-Scale RFID Systems},
  author={Liu, Yiming and Li, Xiang and Wang, Xue and Liu, Zhiyuan and Zhang, Yiming},
  journal={Security and Communication Networks},
  volume={2022},
  pages={1--12},
  year={2022},
  publisher={Hindawi},
  doi={10.1155/2022/1268577},
  url={https://downloads.hindawi.com/journals/scn/2022/1268577.pdf}
}

@article{cinar2022predictive,
  title={A Predictive Maintenance System Design and Implementation for Intelligent Manufacturing},
  author={Cinar, Eyup and Kalay, Sena and Saricicek, Inci},
  journal={Machines},
  volume={10},
  number={11},
  pages={1006},
  year={2022},
  publisher={MDPI}
}

@article{ersoz2022systematic,
  title={A Systematic Literature Review of the Predictive Maintenance from Transportation Systems Aspect},
  author={Ers{\"o}z, Olcay {\"O}zge and {\.I}nal, Ali F{\i}rat and Aktepe, Adnan and T{\"u}rker, Ahmet K{\"u}r{\c{s}}ad and Ers{\"o}z, S{\"u}leyman},
  journal={Sustainability},
  volume={14},
  number={21},
  pages={14536},
  year={2022},
  publisher={MDPI}
}

@article{wagner2019challenges,
  title={Challenges and potentials of digital twins and industry 4.0 in product design and production for high performance products},
  author={Wagner, Raphael and Schleich, Benjamin and Haefner, Benjamin and Kuhnle, Andreas and Wartzack, Sandro and Lanza, Gisela},
  journal={Procedia CIRP},
  volume={84},
  pages={88--93},
  year={2019},
  publisher={Elsevier}
}

@article{gundougan2021impact,
  title={The impact of networking protocols on massive M2M communication in the industrial IoT},
  author={G{\"u}ndo{\u{g}}an, Cenk and Kietzmann, Peter and Lenders, Martine S and Petersen, Hauke and Frey, Michael and Schmidt, Thomas C and Shzu-Juraschek, Felix and W{\"a}hlisch, Matthias},
  journal={IEEE Transactions on Network and Service Management},
  volume={18},
  number={4},
  pages={4814--4828},
  year={2021},
  publisher={IEEE}
}